%% This BibTeX bibliography file was created using BibDesk.
%% http://bibdesk.sourceforge.net/
%% Saved with string encoding Unicode (UTF-8)

@comment{BIBTEMPLATE .}
@comment{BIBREFERENCES stdalphabetic}
@comment{BIBSEPARATORS ",;&"}

@string{_3dim = {Intl. Conf. on 3D Digital Imaging and Modeling}}
@string{aaai = {Nat. Conf. on Artificial Intelligence (AAAI)}}
@string{ac = {IEEE Aerospace Conference}}
@string{acmsig = {ACM Symp. Geom. Process.}}
@string{acc = {American Control Conference}}
@string{accv = {Asian Conf. on Computer Vision (ACCV)}}
@string{acra = {Australasian Conf. on Robotics and Automation (ACRA)}}
@string{addison = {Addison-Wesley Publishing}}
@string{aes = {{IEEE} Trans. Aerosp. Electron. Syst.}}
@string{ai = {Artificial Intelligence}}
@string{aicv94 = {Application of Invariance in Computer Vision}}
@string{aim = {IEEE/ASME Intl. Conf. on Advanced Intelligent Mechatronics (AIM)}}
@string{ap = {Academic Press}}
@string{ar = {Autonomous Robots}}
@string{as = {{IEEE} Trans. Aerosp.}}
@string{assp = {{IEEE} Trans. Acoust., Speech, Signal Processing}}
@string{bmvc = {British Machine Vision Conf. (BMVC)}}
@string{cdc = {IEEE Conf. on Decision and Control (CDC)}}
@string{chap = {Chapman and Hall}}
@string{cira = {IEEE Intl. Symp. on Computational Intelligence in Robotics and Automation (CIRA)}}
@string{coc = {College of Computing, Georgia Institute of Technology}}
@string{comp = {{IEEE} Trans. Computers}}
@string{cve = {ACM Intl. Conf. on Collaborative Virtual Environments (CVE)}}
@string{cviu = {Comput. Vis. Image Underst.}}
@string{cvpr = {IEEE Conf. on Computer Vision and Pattern Recognition (CVPR)}}
@string{ecai = {Eur. Conf. on AI (ECAI)}}
@string{ecc = {European Control Conference}}
@string{eccv = {European Conf. on Computer Vision (ECCV)}}
@string{epb = {Environment and Planning B: Planning and Design}}
@string{fg = {Intl. Conf. on Automatic Face and Gesture Recognition}}
@string{focs = {Symp. on Foundations of Computer Science}}
@string{fsr = {Field and Service Robotics (FSR)}}
@string{fusion = {Intl. Conf. on Information Fusion, FUSION}}
@string{gecco = {Conf. on Genetic and Evolutionary Computation (GECCO)}}
@string{gmip = {CVGIP:Graphical Models and Image Processing}}
@string{gnc = {AIAA Guidance, Navigation, and Control Conference}}
@string{iapr = {Intl. Conf. on Image Processing A}}
@string{icassp = {Intl. Conf. Acoust., Speech, and Signal Proc. (ICASSP)}}
@string{iccv = {Intl. Conf. on Computer Vision (ICCV)}}
@string{icfp = {Intl. Conf. on Functional Programming (ICFP)}}
@string{icip = {Intl. Conf. on Image Processing (ICIP)}}
@string{iclr = {Intl. Conf. on Learning Representations (ICLR)}}
@string{icme = {IEEE Intl. Conf. on Multimedia and Expo(ICME)}}
@string{icml = {Intl. Conf. on Machine Learning (ICML)}}
@string{icpr = {Intl. Conf. on Pattern Recognition (ICPR)}}
@string{icra = {IEEE Intl. Conf. on Robotics and Automation (ICRA)}}
@string{ictai = {Intl. Conf. on Tools with Artificial Intelligence (ICTAI)}}
@string{icuas = {Intl. Conf. on Unmanned Aircraft Systems (ICUAS)}}
@string{ieeepress = {IEEE Computer Society Press}}
@string{ijcai = {Intl. Joint Conf. on AI (IJCAI)}}
@string{ijcv = {Intl. J. of Computer Vision}}
@string{ijrr = {Intl. J. of Robotics Research}}
@string{ip = {{IEEE} Trans. Image Processing}}
@string{ipsn = {Intl. Sym. on Information Processing in Sensor Networks (IPSN)}}
@string{iros = {IEEE/RSJ Intl. Conf. on Intelligent Robots and Systems (IROS)}}
@string{isar = {IEEE and ACM Intl. Sym. on Augmented Reality (ISAR)}}
@string{iser = {Intl. Sym. on Experimental Robotics (ISER)}}
@string{ismar = {IEEE and ACM Intl. Sym. on Mixed and Augmented Reality (ISMAR)}}
@string{ismr = {Intl. Sym. on Mixed Reality (ISMR)}}
@string{isrr = {Proc. of the Intl. Symp. of Robotics Research (ISRR)}}
@string{iswc = {IEEE Intl. Sym. on Wearable Computers (ISWC)}}
@string{it = {{IEEE} Trans. Inform. Theory}}
@string{itac = {{IEEE} Trans. Automat. Contr.}}
@string{iuw = {DARPA Image Understanding Workshop (IUW)}}
@string{iv = {IEEE Intelligent Vehicles Symposium (IV)}}
@string{ivc = {Image and Vision Computing}}
@string{ivis = {IEEE Visualization}}
@string{jair = {J. of Artificial Intelligence Research}}
@string{jasa = {J. of the American Statistical Association}}
@string{jeplmc = {J. of Experimental Psychology: Learning,Memory, \& Cognition}}
@string{jfr = {J. of Field Robotics}}
@string{jif = {Information Fusion}}
@string{jirs = {J. of Intelligent and Robotic Systems}}
@string{jmlr = {J. of Machine Learning Research}}
@string{josaa = {J. of the Optical Society of America A}}
@string{jpdc = {J. of Parallel and Distributed Computing}}
@string{jvcir = {J. of Visual Communication and Image Representation}}
@string{kdd = {Intl. Conf. Knowledge Discovery and Data Mining (KDD)}}
@string{kluwer = {Kluwer}}
@string{med = {Mediterranean Conference on Control and Automation}}
@string{mit = {The MIT press, Cambridge, MA}}
@string{ml = {Machine learning}}
@string{msc = {Multiconference on Systems and Control}}
@string{mia = {Med. Image Anal.}}
@string{nips = {Advances in Neural Information Processing Systems (NIPS)}}
@string{neurips = {Advances in Neural Information Processing Systems (NIPS)}}
@string{corl = {Conference on Robot Learning (CoRL)}}
@string{pami = {{IEEE} Trans. Pattern Anal. Machine Intell.}}
@string{plans = {IEEE/ION Position Location and Navigation System (PLANS) Conference}}
@string{pr = {Pattern Recognition}}
@string{prl = {Pattern Recognition Letters}}
@string{pvt = {3D Data Processing Visualization and Transmission (3DPVT)}}
@string{ras = {Robotics and Autonomous Systems}}
@string{royalp = {Proceedings of Royal Society of London}}
@string{rss = {Robotics: Science and Systems (RSS)}}
@string{ral = {{IEEE} Robotics and Automation Letters}}
@string{rvs95 = {Representation of Visual Scenes}}
@string{scl = {Systems \& Control Letters}}
@string{siggraph = {SIGGRAPH}}
@string{sigir = {ACM Special Interest Group on Information Retrieval}}
@string{smc = {{IEEE} Trans. Syst., Man, Cybern.}}
@string{sp = {{IEEE} Trans. Signal Processing}}
@string{spie = {Intl. Soc. Opt. Eng. (SPIE)}}
@string{springer = {Springer Verlag}}
@string{ssrr = {IEEE Intl. Conf. on Safety, Security and Rescue Robotics (SSRR)}}
@string{stoc = {ACM Symp. on Theory of Computing (STOC)}}
@string{tac = {IEEE Trans. on Automatic Control}}
@string{tcs = {Theoretical Computer Science}}
@string{tmi = {IEEE Trans. Med. Imaging}}
@string{tra = {{IEEE} Trans. Robot. Automat.}}
@string{tro = {{IEEE} Trans. Robotics}}
@string{tvcg = {IEEE Trans. Vis. Comput. Graph.}}
@string{tsmca = {IEEE Trans. on Systems, Man, and Cybernetics, Part A}}
@string{uai = {Conf. on Uncertainty in Artificial Intelligence (UAI)}}
@string{wacv = {IEEE Workshop on Applications of Computer Vision (WACV)}}
@string{wiley = {John Wiley \& Sons, New York, NY}}
@string{wafr = {Intl. Workshop on the Algorithmic Foundations of Robotics (WAFR)}}
@string{mpc = {Math. Program. Comput.}}
@string{siopt = {SIAM J. Optim.}}
@string{optimmethodsoftw = {Optim. Methods. Softw.}}
@string{applmech = {J. of Applied Mechanics}}
@string{amstat = {The American Statistician}}


@book{bertsekas12book-optimalcontrol,
  title     = {Dynamic programming and optimal control: Volume I},
  author    = {Bertsekas, Dimitri},
  volume    = {4},
  year      = {2012},
  publisher = {Athena scientific}
}

@article{li2025amo,
  title   = {AMO: Adaptive Motion Optimization for Hyper-Dexterous Humanoid Whole-Body Control},
  author  = {Li, Jialong and Cheng, Xuxin and Huang, Tianshu and Yang, Shiqi and Qiu, Rizhao and Wang, Xiaolong},
  journal = {Robotics: Science and Systems 2025},
  year    = {2025}
}

@article{zhang2025falcon,
  title   = {FALCON: Learning Force-Adaptive Humanoid Loco-Manipulation},
  author  = {Zhang, Yuanhang and Yuan, Yifu and Gurunath, Prajwal and He, Tairan and Omidshafiei, Shayegan and Agha-mohammadi, Ali-akbar and Vazquez-Chanlatte, Marcell and Pedersen, Liam and Shi, Guanya},
  journal = {arXiv preprint arXiv:2505.06776},
  year    = {2025}
}

@article{ji2024exbody2,
  title   = {ExBody2: Advanced Expressive Humanoid Whole-Body Control},
  author  = {Ji, Mazeyu and Peng, Xuanbin and Liu, Fangchen and Li, Jialong and Yang, Ge and Cheng, Xuxin and Wang, Xiaolong},
  journal = {arXiv preprint arXiv:2412.13196},
  year    = {2024}
}

@article{liao2025beyondmimicmotiontrackingversatile,
  title         = {BeyondMimic: From Motion Tracking to Versatile Humanoid Control via Guided Diffusion},
  author        = {Qiayuan Liao and Takara E. Truong and Xiaoyu Huang and Guy Tevet and Koushil Sreenath and C. Karen Liu},
  year          = {2025},
  eprint        = {2508.08241},
  archiveprefix = {arXiv},
  primaryclass  = {cs.RO},
  url           = {https://arxiv.org/abs/2508.08241}
}

@article{cheng2024express,
  title   = {Expressive Whole-Body Control for Humanoid Robots},
  author  = {Cheng, Xuxin and Ji, Yandong and Chen, Junming and Yang, Ruihan and Yang, Ge and Wang, Xiaolong},
  journal = {arXiv preprint arXiv:2402.16796},
  year    = {2024}
}

@conference{AMASS:ICCV:2019,
  title         = {{AMASS}: Archive of Motion Capture as Surface Shapes},
  author        = {Mahmood, Naureen and Ghorbani, Nima and Troje, Nikolaus F. and Pons-Moll, Gerard and Black, Michael J.},
  booktitle     = {International Conference on Computer Vision},
  pages         = {5442--5451},
  month         = oct,
  year          = {2019},
  month_numeric = {10}
}

@article{harvey2020robust,
  author    = {FÃ©lix G. Harvey and Mike Yurick and Derek Nowrouzezahrai and Christopher Pal},
  title     = {Robust Motion In-Betweening},
  booktitle = {ACM Transactions on Graphics (Proceedings of ACM SIGGRAPH)},
  publisher = {ACM},
  volume    = {39},
  number    = {4},
  year      = {2020}
}

@article{DBLP:journals/corr/abs-2109-01115,
  author     = {Suraj Nair and
                Eric Mitchell and
                Kevin Chen and
                Brian Ichter and
                Silvio Savarese and
                Chelsea Finn},
  title      = {Learning Language-Conditioned Robot Behavior from Offline Data and
                Crowd-Sourced Annotation},
  journal    = {CoRR},
  volume     = {abs/2109.01115},
  year       = {2021},
  url        = {https://arxiv.org/abs/2109.01115},
  eprinttype = {arXiv},
  eprint     = {2109.01115},
  timestamp  = {Wed, 06 Sep 2023 12:35:12 +0200},
  biburl     = {https://dblp.org/rec/journals/corr/abs-2109-01115.bib},
  bibsource  = {dblp computer science bibliography, https://dblp.org}
}

@article{shao2025langwbclanguagedirectedhumanoidwholebody,
  title         = {LangWBC: Language-directed Humanoid Whole-Body Control via End-to-end Learning},
  author        = {Yiyang Shao and Xiaoyu Huang and Bike Zhang and Qiayuan Liao and Yuman Gao and Yufeng Chi and Zhongyu Li and Sophia Shao and Koushil Sreenath},
  year          = {2025},
  eprint        = {2504.21738},
  archiveprefix = {arXiv},
  primaryclass  = {cs.RO},
  url           = {https://arxiv.org/abs/2504.21738}
}